@MISC{wiki.python:PythonTestingToolsTaxonomy,
  AUTHOR       = "Baiju Muthukadan and jtatum and CPE0014bf07ffd2-CM001ac30d4aca and 71-35-143-156 and gjb1002 and little-black-box and ras and lothiraldan and memedough and HermanSheremetyev and Richard Jones and Matthias Lehmann and David Villa and Iac and MichaelHerrmann and andrews medina and glickindorf and Milo Bisco and Paul Boddie and Matthew Desmarais and ionelmc and DRMacIver and Laura Creighton and Fred Drake and ppaez and Nigel Armstrong and Michal Koziel and Steve Piercy and Iwan Vosloo and Steve Barnes",
  TITLE        = "PythonTestingToolsTaxonomy",
  YEAR         = "2011",
  HOWPUBLISHED = "Website",
  NOTE         = "Online erhältlich unter
                  \url{https://wiki.python.org/moin/PythonTestingToolsTaxonomy};
                  abgerufen am 14. März 2019."
}
@ARTICLE{FraukeSchobelt:Smartphone,
    AUTHOR       = "Frauke Schobelt",
    TITLE        = "Weltweite Smartphone-Verbreitung steigt 2018 auf 66 Prozent",
    YEAR         = "2017",
    HOWPUBLISHED = "Website",
    NOTE         = "Online erhältlich unter
    \url{https://www.wuv.de/digital/weltweite_smartphone_verbreitung_steigt_2018_auf_66_prozent};
    abgerufen am 25. Januar 2019."
}