@ARTICLE{FraukeSchobelt:Smartphone,
  AUTHOR       = "Frauke Schobelt",
  TITLE        = "Weltweite Smartphone-Verbreitung steigt 2018 auf 66 Prozent",
  YEAR         = "2017",
  HOWPUBLISHED = "Website",
  NOTE         = "Online erh√§ltlich unter
                  \url{https://www.wuv.de/digital/weltweite_smartphone_verbreitung_steigt_2018_auf_66_prozent};
                  abgerufen am 25. Januar 2019."
}